ISA~00~          ~00~          ~32~880146700T     ~01~614553816T     ~111110~0000~U~00401~111110002~1~T~:\GS~TF~880146700T~011014010B0101A~20111110~000000~111110002~X~004010\ST~813~000001001\BTI~T6~01101P~47~MS~20111110~~24~880146711~49~1000000005\DTM~174~20111231\BPR~S~5.40~D~ACH~CCP~~~~~~~01~021000021~DA~911855633~20111115\N1~FE~Computing Resources Inc\N3~6884 Sierra Center Pkwy\N4~Reno~NV~895112210\TFS~T6~89105~EI~000000001\REF~9X~M\REF~FI~E01\REF~ZZ~N\DTM~193~20111001\DTM~194~20111031\N1~FE~TEST_COM
PANY_1\N3~COLEGAL_AddressLine1\N4~Ridgewood~NJ~074504444\TIA~3~~N\TIA~4~~N\TIA~89~~N\TIA~91~~N\TIA~9~5.40\TIA~97~0.00\TIA~31~5.40\TIA~76~0.00\TIA~77~0.00\TIA~81~5.40\SE~27~000001001\GE~1~111110002\IEA~1~111110002\