101 02100002197226160000710111710F094101JPMORGAN CHASE         INTUIT                         
5220DAWN COMPANY 2             9999999991722616653PPDINTUITPAYR071015071015   1021000020000001
62211100002512345            000005000012345          SECONDCOMPEELAST, SECO  0000026000000009
62211100002522345            000008000022345          SECONDCOMPEELASTTWO, S  0000026000000010
822000000200222000040000000000000000001300001722616653                         021000020000001
5220INTUIT                     1234567891722616653PPDINTUITPAYR071015071015   1021000020000002
62211100002512345            000007650012345          TESTLASTNAME, FIRSTNAM  0000026000000005
62211100002522345            000003430022345          TESTLASTNAME2, FIRSTNA  0000026000000006
822000000200222000040000000000000000001108001722616653                         021000020000002
5225INTUIT                     1234567891722616653PPDREVERSAL  071012071012   1021000020000003
62711100002512345            000000300012345          TESTLASTNAME, FIRSTNAM  0000026000000007
62711100002522345            000001500022345          TESTLASTNAME2, FIRSTNA  0000026000000008
822500000200222000040000000180000000000000001722616653                         021000020000003
5225INTUIT                     7700346611722616653PPDINTUITPAYR071015071015   1021000020000004
627111000614722616653        0000240800722616653      INTUIT DD               0000026000000011
822500000100111000610000002408000000000000001722616653                         021000020000004
5220INTUIT                     7700346611722616653PPDREVERSAL  071012071012   1021000020000005
622111000614722616711        0000018000722616711      INTUIT EE RETURN        0000026000000012
822000000100111000610000000000000000000180001722616653                         021000020000005
9000005000002000000080088800134000000258800000000258800                                       
