101 02100002197226160000709251710I094101JPMORGAN CHASE         INTUIT                         
5225INTUIT PAYROLL SERVICES    9999999991722616679CCDINTUITPAYR070926070926   1021000020000001
6271110000254747474747       0000180245999999999      DAWN COMPANY 2          0000554000000003
822500000100111000020000001802450000000000001722616679                         021000020000001
5225INTUIT PAYROLL SERVICES    1234567891722616679CCDINTUITPAYR070926070926   1021000020000002
627263182914123098           0000018000123456789      INTUIT                  0000554000000002
822500000100263182910000000180000000000000001722616679                         021000020000002
5220INTUIT                     7700346611722616679CCDINTUITPAYR070926070926   1021000020000003
622111000614722616653        0000198245722616653      INTUIT DD               0000554000000004
822000000100111000610000000000000000001982451722616679                         021000020000003
9000003000002000000030048518354000000198245000000198245                                       
9999999999999999999999999999999999999999999999999999999999999999999999999999999999999999999999
9999999999999999999999999999999999999999999999999999999999999999999999999999999999999999999999
9999999999999999999999999999999999999999999999999999999999999999999999999999999999999999999999
9999999999999999999999999999999999999999999999999999999999999999999999999999999999999999999999
9999999999999999999999999999999999999999999999999999999999999999999999999999999999999999999999
9999999999999999999999999999999999999999999999999999999999999999999999999999999999999999999999
9999999999999999999999999999999999999999999999999999999999999999999999999999999999999999999999
9999999999999999999999999999999999999999999999999999999999999999999999999999999999999999999999
9999999999999999999999999999999999999999999999999999999999999999999999999999999999999999999999
