101 02100002197226160001101061710J094101JPMORGAN CHASE         INTUIT                         
5225INTUIT PAYROLL SERVICES    0000000011722616679CCDQUICKBOOKS110107110107   1021000020000001
627111000025ACCNT_1          0000018900000000001      TEST_COMPANY_1          0000010000000001
822500000100111000020000000189000000000000001722616679                         021000020000001
5220INTUIT                     7700346611722616679CCDQUICKBOOKS110107110107   1021000020000002
622021000021911855633        0000018900911855633      INTUIT TAX              0000010000000002
822000000100021000020000000000000000000189001722616679                         021000020000002
9000002000001000000020013200004000000018900000000018900                                       
9999999999999999999999999999999999999999999999999999999999999999999999999999999999999999999999
9999999999999999999999999999999999999999999999999999999999999999999999999999999999999999999999
