101 02100002197226160000711131710J094101JPMORGAN CHASE         INTUIT                         
5220DAWN COMPANY 2             9999999991722616653PPDINTUITPAYR071115071115   1021000020000001
62211100002512345            000002222312345          SECONDCOMPEELAST, SECO  0000000000000136
62211100002522345            000088888822345          SECONDCOMPEELASTTWO, S  0000000000000137
822000000200222000040000000000000000009111111722616653                         021000020000001
5225INTUIT                     7700346611722616653PPDINTUITPAYR071115071115   1021000020000002
627111000614722616653        0000911111722616653      INTUIT DD               0000000000000138
822500000100111000610000009111110000000000001722616653                         021000020000002
9000002000001000000030033300065000000911111000000911111                                       
9999999999999999999999999999999999999999999999999999999999999999999999999999999999999999999999
