101 02100002197226160000711211710W094101JPMORGAN CHASE         INTUIT                         
5225INTUIT PAYROLL SERVICES    9999999991722616679CCDINTUITPAYR071123071123   1021000020000001
6271110000254747474747       0000911111999999999      DAWN COMPANY 2          0000000000100036
822500000100111000020000009111110000000000001722616679                         021000020000001
5225INTUIT PAYROLL SERVICES    2423354651722616679CCDQUICKBOOKS071123071123   1021000020000002
6271110000254847474747       0000000258242335465      QB DESKTOP 3            0000000000100038
6271110000254847474747       9999999999242335465      QB DESKTOP 3            0000000000100039
6271110000254847474747       9999999999242335465      QB DESKTOP 3            0000000000100040
822500000300333000060200000002560000000000001722616679                         021000020000002
5220INTUIT                     7700346611722616679CCDQUICKBOOKS071123071123   1021000020000003
622111000614722616653        9999999999722616653      INTUIT DD               0000000000100041
622111000614722616653        9999999899722616653      INTUIT DD               0000000000100042
622111000614722616679        0000000358722616679      INTUIT FEE              0000000000100043
822000000300333001830000000000000200000002561722616679                         021000020000003
5220INTUIT                     7700346611722616679CCDINTUITPAYR071123071123   1021000020000004
622111000614722616653        0000911111722616653      INTUIT DD               0000000000100044
822000000100111000610000000000000000009111111722616679                         021000020000004
9000004000002000000080088800252020000911367020000911367                                       
9999999999999999999999999999999999999999999999999999999999999999999999999999999999999999999999
9999999999999999999999999999999999999999999999999999999999999999999999999999999999999999999999