101 02100002197226160000711211710X094101JPMORGAN CHASE         INTUIT                         
5220DAWN COMPANY 2             9999999991722616653PPDINTUITPAYR071126071126   1021000020000001
62211100002512345            000002222312345          SECONDCOMPEELAST, SECO  0000000000100134
62211100002522345            000088888822345          SECONDCOMPEELASTTWO, S  0000000000100135
822000000200222000040000000000000000009111111722616653                         021000020000001
5220QB DESKTOP 3               2423354651722616653PPDQUICKBOOKS071126071126   1021000020000002
62211100002512345            000002490012345          THIRDCOMPEELAST, THIRD  0000000000100138
62211100002522345            999997499922345          THIRDCOMPEELASTTWO, TH  0000000000100139
62211100002522345            999999999922345          THIRDCOMPEELASTTWO, TH  0000000000100140
822000000300333000060000000000000199999998981722616653                         021000020000002
5225INTUIT                     7700346611722616653PPDQUICKBOOKS071126071126   1021000020000003
627111000614722616653        9999999999722616653      INTUIT DD               0000000000100141
627111000614722616653        9999999899722616653      INTUIT DD               0000000000100142
822500000200222001220199999998980000000000001722616653                         021000020000003
5225INTUIT                     7700346611722616653PPDINTUITPAYR071126071126   1021000020000004
627111000614722616653        0000911111722616653      INTUIT DD               0000000000100143
822500000100111000610000009111110000000000001722616653                         021000020000004
9000004000002000000080088800193020000911009020000911009                                       
9999999999999999999999999999999999999999999999999999999999999999999999999999999999999999999999
9999999999999999999999999999999999999999999999999999999999999999999999999999999999999999999999
