101 02100002197226160000709281710Z094101JPMORGAN CHASE         INTUIT                         
5220DAWN COMPANY 2             9999999991722616653PPDINTUITPAYR071002071002   1021000020000001
62211100002512345            000005678912345          SECONDCOMPEELAST, SECO  0000000000000098
62211100002522345            000012345622345          SECONDCOMPEELASTTWO, S  0000000000000099
822000000200222000040000000000000000001802451722616653                         021000020000001
5220INTUIT                     1234567891722616653PPDINTUITPAYR071002071002   1021000020000002
62211100002512345            000000300012345          TESTLASTNAME, FIRSTNAM  0000000000000096
62211100002522345            000001500022345          TESTLASTNAME2, FIRSTNA  0000000000000097
822000000200222000040000000000000000000180001722616653                         021000020000002
5225INTUIT                     7700346611722616653PPDINTUITPAYR071002071002   1021000020000003
627111000614722616653        0000198245722616653      INTUIT DD               0000000000000100
822500000100111000610000001982450000000000001722616653                         021000020000003
9000003000002000000050055500069000000198245000000198245                                       
9999999999999999999999999999999999999999999999999999999999999999999999999999999999999999999999
9999999999999999999999999999999999999999999999999999999999999999999999999999999999999999999999
9999999999999999999999999999999999999999999999999999999999999999999999999999999999999999999999
9999999999999999999999999999999999999999999999999999999999999999999999999999999999999999999999
9999999999999999999999999999999999999999999999999999999999999999999999999999999999999999999999
9999999999999999999999999999999999999999999999999999999999999999999999999999999999999999999999
9999999999999999999999999999999999999999999999999999999999999999999999999999999999999999999999
