101 02100002197226160000709261710O094101JPMORGAN CHASE         INTUIT                         
5200INTUIT                     7700346611722616679CCDBOOKTXFR  070927070927   1021000020000001
627111000614722616653        0000018000722616653      INTUIT DD               0000165000000002
622111000614722616695        0000018000722616695      INTUIT ER RETURN        0000165000000003
820000000200222001220000000180000000000180001722616679                         021000020000001
9000001000001000000020022200122000000018000000000018000                                       
9999999999999999999999999999999999999999999999999999999999999999999999999999999999999999999999
9999999999999999999999999999999999999999999999999999999999999999999999999999999999999999999999
9999999999999999999999999999999999999999999999999999999999999999999999999999999999999999999999
9999999999999999999999999999999999999999999999999999999999999999999999999999999999999999999999
