101 02100002197226160000710111710R094101JPMORGAN CHASE         INTUIT                         
5225INTUIT PAYROLL SERVICES    9999999991722616679CCDINTUITPAYR071012071012   1021000020000001
6271110000254747474747       0000130000999999999      DAWN COMPANY 2          0000665000000003
822500000100111000020000001300000000000000001722616679                         021000020000001
5225INTUIT PAYROLL SERVICES    1234567891722616679CCDINTUITPAYR071012071012   1021000020000002
627263182914123098           0000110800123456789      INTUIT                  0000665000000002
822500000100263182910000001108000000000000001722616679                         021000020000002
5220INTUIT                     7700346611722616679CCDINTUITPAYR071012071012   1021000020000003
622111000614722616653        0000240800722616653      INTUIT DD               0000665000000004
822000000100111000610000000000000000002408001722616679                         021000020000003
9000003000002000000030048518354000000240800000000240800                                       
9999999999999999999999999999999999999999999999999999999999999999999999999999999999999999999999
9999999999999999999999999999999999999999999999999999999999999999999999999999999999999999999999
9999999999999999999999999999999999999999999999999999999999999999999999999999999999999999999999
9999999999999999999999999999999999999999999999999999999999999999999999999999999999999999999999
9999999999999999999999999999999999999999999999999999999999999999999999999999999999999999999999
9999999999999999999999999999999999999999999999999999999999999999999999999999999999999999999999
9999999999999999999999999999999999999999999999999999999999999999999999999999999999999999999999
9999999999999999999999999999999999999999999999999999999999999999999999999999999999999999999999
9999999999999999999999999999999999999999999999999999999999999999999999999999999999999999999999
