101 02100002197226160000709281710X094101JPMORGAN CHASE         INTUIT                         
5220DAWN COMPANY 2             9999999991722616653PPDINTUITPAYR071002071002   1021000020000001
62211100002512345            000005678912345          SECONDCOMPEELAST, SECO  0000155000000001
62211100002522345            000012345622345          SECONDCOMPEELASTTWO, S  0000155000000002
822000000200222000040000000000000000001802451722616653                         021000020000001
5220INTUIT                     1234567891722616653PPDINTUITPAYR071002071002   1021000020000002
62211100002512345            000000300012345          TESTLASTNAME, FIRSTNAM  0000155000000003
62211100002522345            000001500022345          TESTLASTNAME2, FIRSTNA  0000155000000004
822000000200222000040000000000000000000180001722616653                         021000020000002
5220AAAAAACEEEEIIIIDNOOOOO     1234562891722616653PPDINTUITPAYR071002071002   1021000020000003
62211100002512345            000000300012345          EIIIIDNOOOOO?OUUUUYBY,  0000155000000005
62211100002522345            000001500022345          ?OUUYBY, UUUUYBSS UUYS  0000155000000006
822000000200222000040000000000000000000180001722616653                         021000020000003
5225INTUIT                     7700346611722616653PPDINTUITPAYR071002071002   1021000020000004
627111000614722616653        0000216245722616653      INTUIT DD               0000155000000007
822500000100111000610000002162450000000000001722616653                         021000020000004
9000004000002000000070077700073000000216245000000216245                                       
9999999999999999999999999999999999999999999999999999999999999999999999999999999999999999999999
9999999999999999999999999999999999999999999999999999999999999999999999999999999999999999999999
9999999999999999999999999999999999999999999999999999999999999999999999999999999999999999999999
