101 02100002197226160000710091710I094101JPMORGAN CHASE         INTUIT                         
5225INTUIT                     1234567891722616653PPDREVERSAL  071010071010   1021000020000001
62711100002512345            000000300012345          TESTLASTNAME, FIRSTNAM  0000000000000031
62711100002522345            000001500022345          TESTLASTNAME2, FIRSTNA  0000000000000032
822500000200222000040000000180000000000000001722616653                         021000020000001
5220INTUIT                     7700346611722616653PPDREVERSAL  071010071010   1021000020000002
622111000614722616711        0000018000722616711      INTUIT EE RETURN        0000000000000033
822000000100111000610000000000000000000180001722616653                         021000020000002
9000002000001000000030033300065000000018000000000018000                                       
9999999999999999999999999999999999999999999999999999999999999999999999999999999999999999999999
