101 02100002197226160000711131710J094101JPMORGAN CHASE         INTUIT                         
5220DAWN COMPANY 2             9999999991722616653PPDINTUITPAYR071115071115   1021000020000001
62211100002512345            000002222312345          SECONDCOMPEELAST, SECO  0000546000000010
62211100002522345            000088888822345          SECONDCOMPEELASTTWO, S  0000546000000011
822000000200222000040000000000000000009111111722616653                         021000020000001
5220QB DESKTOP 3               2423354651722616653PPDQUICKBOOKS071115071115   1021000020000002
62211100002512345            000002122312345          THIRDCOMPEELAST, THIRD  0000546000000014
62211100002522345            000083888822345          THIRDCOMPEELASTTWO, TH  0000546000000015
822000000200222000040000000000000000008601111722616653                         021000020000002
5225INTUIT                     7700346611722616653PPDQUICKBOOKS071115071115   1021000020000003
627111000614722616653        0000860111722616653      INTUIT DD               0000546000000018
822500000100111000610000008601110000000000001722616653                         021000020000003
5225INTUIT                     7700346611722616653PPDINTUITPAYR071115071115   1021000020000004
627111000614722616653        0000911111722616653      INTUIT DD               0000546000000019
822500000100111000610000009111110000000000001722616653                         021000020000004
9000004000002000000060066600130000001771222000001771222                                       
9999999999999999999999999999999999999999999999999999999999999999999999999999999999999999999999
9999999999999999999999999999999999999999999999999999999999999999999999999999999999999999999999
9999999999999999999999999999999999999999999999999999999999999999999999999999999999999999999999
9999999999999999999999999999999999999999999999999999999999999999999999999999999999999999999999