101 02100002197226160001101071710R094101JPMORGAN CHASE         INTUIT                         
5225INTUIT PAYROLL SERVICES    0000000011722616679CCDQUICKBOOKS110110110110   1021000020000001
627111000025ACCNT_1          0000010008000000001      TEST_COMPANY_1          0000000000100041
822500000100111000020000000100080000000000001722616679                         021000020000001
5225INTUIT PAYROLL SERVICES    0000000011722616679CCDRETRY PYMT110110110110   1021000020000002
627111000025ACCNT_1          0000026808000000001      TEST_COMPANY_1          0000000000100043
822500000100111000020000000268080000000000001722616679                         021000020000002
5220INTUIT                     7700346611722616679CCDQUICKBOOKS110110110110   1021000020000003
622111000614722616679        0000010008722616679      INTUIT FEE              0000000000100044
822000000100111000610000000000000000000100081722616679                         021000020000003
5220INTUIT                     7700346611722616679CCDRETRY PYMT110110110110   1021000020000004
622111000614722616695        0000026808722616695      INTUIT ER RETURN        0000000000100045
822000000100111000610000000000000000000268081722616679                         021000020000004
9000004000002000000040044400126000000036816000000036816                                       
9999999999999999999999999999999999999999999999999999999999999999999999999999999999999999999999
9999999999999999999999999999999999999999999999999999999999999999999999999999999999999999999999
9999999999999999999999999999999999999999999999999999999999999999999999999999999999999999999999
9999999999999999999999999999999999999999999999999999999999999999999999999999999999999999999999
9999999999999999999999999999999999999999999999999999999999999999999999999999999999999999999999
9999999999999999999999999999999999999999999999999999999999999999999999999999999999999999999999