101 02100002197226160000711131710I094101JPMORGAN CHASE         INTUIT                         
5225INTUIT PAYROLL SERVICES    9999999991722616679CCDINTUITPAYR071114071114   1021000020000001
6271110000254747474747       0000911111999999999      DAWN COMPANY 2          0000000000000134
822500000100111000020000009111110000000000001722616679                         021000020000001
5220INTUIT                     7700346611722616679CCDINTUITPAYR071114071114   1021000020000002
622111000614722616653        0000911111722616653      INTUIT DD               0000000000000135
822000000100111000610000000000000000009111111722616679                         021000020000002
9000002000001000000020022200063000000911111000000911111                                       
9999999999999999999999999999999999999999999999999999999999999999999999999999999999999999999999
9999999999999999999999999999999999999999999999999999999999999999999999999999999999999999999999
