101 02100002197226160000709261710J094101JPMORGAN CHASE         INTUIT                         
5225INTUIT PAYROLL SERVICES    9999999991722616679CCDINTUITPAYR070927070927   1021000020000001
6271110000254747474747       0000077777999999999      DAWN COMPANY 2          0000061000000002
822500000100111000020000000777770000000000001722616679                         021000020000001
5200INTUIT                     7700346611722616679CCDBOOKTXFR  070927070927   1021000020000002
627111000614722616653        0000018000722616653      INTUIT DD               0000061000000003
622111000614722616695        0000018000722616695      INTUIT ER RETURN        0000061000000004
820000000200222001220000000180000000000180001722616679                         021000020000002
5220INTUIT                     7700346611722616679CCDINTUITPAYR070927070927   1021000020000003
622111000614722616653        0000077777722616653      INTUIT DD               0000061000000005
822000000100111000610000000000000000000777771722616679                         021000020000003
9000003000002000000040044400185000000095777000000095777                                       
9999999999999999999999999999999999999999999999999999999999999999999999999999999999999999999999
9999999999999999999999999999999999999999999999999999999999999999999999999999999999999999999999
9999999999999999999999999999999999999999999999999999999999999999999999999999999999999999999999
9999999999999999999999999999999999999999999999999999999999999999999999999999999999999999999999
9999999999999999999999999999999999999999999999999999999999999999999999999999999999999999999999
9999999999999999999999999999999999999999999999999999999999999999999999999999999999999999999999
9999999999999999999999999999999999999999999999999999999999999999999999999999999999999999999999
9999999999999999999999999999999999999999999999999999999999999999999999999999999999999999999999
