101 02100002197226160000710051710Q094101JPMORGAN CHASE         INTUIT                         
5225INTUIT PAYROLL SERVICES    2423354651722616679CCDQUICKBOOKS071009071009   1021000020000001
6271110000254847474747       0000077777242335465      QB DESKTOP 3            0000000000140462
822500000100111000020000000777770000000000001722616679                         021000020000001
5220INTUIT                     7700346611722616679CCDQUICKBOOKS071009071009   1021000020000002
622111000614722616653        0000077777722616653      INTUIT DD               0000000000140463
822000000100111000610000000000000000000777771722616679                         021000020000002
9000002000001000000020022200063000000077777000000077777                                       
9999999999999999999999999999999999999999999999999999999999999999999999999999999999999999999999
9999999999999999999999999999999999999999999999999999999999999999999999999999999999999999999999
