101 02100002197226160000710121710T094101JPMORGAN CHASE         INTUIT                         
5225INTUIT PAYROLL SERVICES    1234567891722616679CCDINTUITPAYR071015071015   1021000020000001
627263182914123098           0000010000123456789      INTUIT                  0000000000121667
822500000100263182910000000100000000000000001722616679                         021000020000001
5225INTUIT PAYROLL SERVICES    1234567891722616679CCDRETRY PYMT071015071015   1021000020000002
627263182914123098           0000110800123456789      INTUIT                  0000000000121669
822500000100263182910000001108000000000000001722616679                         021000020000002
5220INTUIT                     7700346611722616679CCDINTUITPAYR071015071015   1021000020000003
622111000614722616679        0000010000722616679      INTUIT FEE              0000000000121670
822000000100111000610000000000000000000100001722616679                         021000020000003
5220INTUIT                     7700346611722616679CCDRETRY PYMT071015071015   1021000020000004
622111000614722616695        0000110800722616695      INTUIT ER RETURN        0000000000121671
822000000100111000610000000000000000001108001722616679                         021000020000004
9000004000002000000040074836704000000120800000000120800                                       
9999999999999999999999999999999999999999999999999999999999999999999999999999999999999999999999
9999999999999999999999999999999999999999999999999999999999999999999999999999999999999999999999
9999999999999999999999999999999999999999999999999999999999999999999999999999999999999999999999
9999999999999999999999999999999999999999999999999999999999999999999999999999999999999999999999
9999999999999999999999999999999999999999999999999999999999999999999999999999999999999999999999
9999999999999999999999999999999999999999999999999999999999999999999999999999999999999999999999