101 02100002197226160000710051710V094101JPMORGAN CHASE         INTUIT                         
5220QB DESKTOP 3               2423354651722616653PPDQUICKBOOKS071010071010   1021000020000001
62211100002512345            000004444412345          THIRDCOMPEELAST, THIRD  0000000000140484
62211100002522345            000003333322345          THIRDCOMPEELASTTWO, TH  0000000000140485
822000000200222000040000000000000000000777771722616653                         021000020000001
5225INTUIT                     7700346611722616653PPDQUICKBOOKS071010071010   1021000020000002
627111000614722616653        0000077777722616653      INTUIT DD               0000000000140486
822500000100111000610000000777770000000000001722616653                         021000020000002
9000002000001000000030033300065000000077777000000077777                                       
9999999999999999999999999999999999999999999999999999999999999999999999999999999999999999999999
