101 02100002197226160001201121710A094101JPMORGAN CHASE         INTUIT                         
5220TEST_COMPANY_1             0000000011722616653PPDQUICKBOOKS120117120117   1021000020000001
622111000025ACCNT_7          0000000100ACCNT_7        LAST_2, FIRST_2 M_2     0000000000140568
822000000100111000020000000000000000000001001722616653                         021000020000001
5225INTUIT                     7700346611722616653PPDQUICKBOOKS120117120117   1021000020000002
627111000614722616653        0000000100722616653      INTUIT DD               0000000000140569
822500000100111000610000000001000000000000001722616653                         021000020000002
9000002000001000000020022200063000000000100000000000100                                       
9999999999999999999999999999999999999999999999999999999999999999999999999999999999999999999999
9999999999999999999999999999999999999999999999999999999999999999999999999999999999999999999999
