101 02100002197226160000710121710N094101JPMORGAN CHASE         INTUIT                         
5225INTUIT PAYROLL SERVICES    1234567891722616679CCDRETRY PYMT071015071015   1021000020000001
627263182914123098           0000110800123456789      INTUIT                  0000399000000002
822500000100263182910000001108000000000000001722616679                         021000020000001
5220INTUIT                     7700346611722616679CCDRETRY PYMT071015071015   1021000020000002
622111000614722616695        0000110800722616695      INTUIT ER RETURN        0000399000000003
822000000100111000610000000000000000001108001722616679                         021000020000002
9000002000001000000020037418352000000110800000000110800                                       
9999999999999999999999999999999999999999999999999999999999999999999999999999999999999999999999
9999999999999999999999999999999999999999999999999999999999999999999999999999999999999999999999
