101 02100002197226160001101071710R094101JPMORGAN CHASE         INTUIT                         
5225INTUIT PAYROLL SERVICES    0000000011722616679CCDQUICKBOOKS110110110110   1021000020000001
627111000025ACCNT_1          0000010008000000001      TEST_COMPANY_1          0000000000102319
822500000100111000020000000100080000000000001722616679                         021000020000001
5225INTUIT PAYROLL SERVICES    0000000011722616679CCDRETRY PYMT110110110110   1021000020000002
627111000025ACCNT_1          0000017611000000001      TEST_COMPANY_1          0000000000102321
822500000100111000020000000176110000000000001722616679                         021000020000002
5220INTUIT                     7700346611722616679CCDQUICKBOOKS110110110110   1021000020000003
622111000614722616679        0000010008722616679      INTUIT FEE              0000000000102322
822000000100111000610000000000000000000100081722616679                         021000020000003
5220INTUIT                     7700346611722616679CCDRETRY PYMT110110110110   1021000020000004
622111000614722616695        0000017611722616695      INTUIT ER RETURN        0000000000102323
822000000100111000610000000000000000000176111722616679                         021000020000004
9000004000002000000040044400126000000027619000000027619                                       
9999999999999999999999999999999999999999999999999999999999999999999999999999999999999999999999
9999999999999999999999999999999999999999999999999999999999999999999999999999999999999999999999
9999999999999999999999999999999999999999999999999999999999999999999999999999999999999999999999
9999999999999999999999999999999999999999999999999999999999999999999999999999999999999999999999
9999999999999999999999999999999999999999999999999999999999999999999999999999999999999999999999
9999999999999999999999999999999999999999999999999999999999999999999999999999999999999999999999
