101 02100002197226160000711131710F094101JPMORGAN CHASE         INTUIT                         
5220DAWN COMPANY 2             9999999991722616653PPDINTUITPAYR071115071115   1021000020000001
62211100002512345            000002490012345          SECONDCOMPEELAST, SECO  0000002000000006
62211100002522345            999997499922345          SECONDCOMPEELASTTWO, S  0000002000000007
62211100002522345            999999999922345          SECONDCOMPEELASTTWO, S  0000002000000008
822000000300333000060000000000000199999998981722616653                         021000020000001
5225INTUIT                     7700346611722616653PPDINTUITPAYR071115071115   1021000020000002
627111000614722616653        9999999999722616653      INTUIT DD               0000002000000009
627111000614722616653        9999999899722616653      INTUIT DD               0000002000000010
822500000200222001220199999998980000000000001722616653                         021000020000002
9000002000002000000050055500128019999999898019999999898                                       
9999999999999999999999999999999999999999999999999999999999999999999999999999999999999999999999
9999999999999999999999999999999999999999999999999999999999999999999999999999999999999999999999
9999999999999999999999999999999999999999999999999999999999999999999999999999999999999999999999
9999999999999999999999999999999999999999999999999999999999999999999999999999999999999999999999
9999999999999999999999999999999999999999999999999999999999999999999999999999999999999999999999
9999999999999999999999999999999999999999999999999999999999999999999999999999999999999999999999
9999999999999999999999999999999999999999999999999999999999999999999999999999999999999999999999
9999999999999999999999999999999999999999999999999999999999999999999999999999999999999999999999
9999999999999999999999999999999999999999999999999999999999999999999999999999999999999999999999
