101 02100002197226160000711131710E094101JPMORGAN CHASE         INTUIT                         
5225INTUIT PAYROLL SERVICES    9999999991722616679CCDINTUITPAYR071114071114   1021000020000001
6271110000254747474747       9999999899999999999      DAWN COMPANY 2          0000002000000002
6271110000254747474747       9999999999999999999      DAWN COMPANY 2          0000002000000003
822500000200222000040199999998980000000000001722616679                         021000020000001
5220INTUIT                     7700346611722616679CCDINTUITPAYR071114071114   1021000020000002
622111000614722616653        9999999999722616653      INTUIT DD               0000002000000004
622111000614722616653        9999999899722616653      INTUIT DD               0000002000000005
822000000200222001220000000000000199999998981722616679                         021000020000002
9000002000001000000040044400126019999999898019999999898                                       
