101 02100002197226160000709251710H094101JPMORGAN CHASE         INTUIT                         
5225INTUIT PAYROLL SERVICES    9999999991722616679CCDINTUITPAYR070926070926   1021000020000001
6271110000254747474747       0000180245999999999      DAWN COMPANY 2          0000158000000002
822500000100111000020000001802450000000000001722616679                         021000020000001
5220INTUIT                     7700346611722616679CCDINTUITPAYR070926070926   1021000020000002
622111000614722616653        0000180245722616653      INTUIT DD               0000158000000003
822000000100111000610000000000000000001802451722616679                         021000020000002
9000002000001000000020022200063000000180245000000180245                                       
9999999999999999999999999999999999999999999999999999999999999999999999999999999999999999999999
9999999999999999999999999999999999999999999999999999999999999999999999999999999999999999999999
