101 02100002197226160000710011710C094101JPMORGAN CHASE         INTUIT                         
5225INTUIT PAYROLL SERVICES    2222222221722616679CCDINTUITPAYR071002071002   1021000020000001
627263182914388338383        0000020044222222222      INTUIT2_UPDATE          0000080000000002
822500000100263182910000000200440000000000001722616679                         021000020000001
5220INTUIT                     7700346611722616679CCDINTUITPAYR071002071002   1021000020000002
622111000614722616653        0000020044722616653      INTUIT DD               0000080000000003
822000000100111000610000000000000000000200441722616679                         021000020000002
9000002000001000000020037418352000000020044000000020044                                       
9999999999999999999999999999999999999999999999999999999999999999999999999999999999999999999999
9999999999999999999999999999999999999999999999999999999999999999999999999999999999999999999999
