101 02100002197226160000711151710X094101JPMORGAN CHASE         INTUIT                         
5225INTUIT PAYROLL SERVICES    9999999991722616679CCDINTUITPAYR071116071116   1021000020000001
6271110000254747474747       0000010000999999999      DAWN COMPANY 2          0000206000000002
822500000100111000020000000100000000000000001722616679                         021000020000001
5200INTUIT                     7700346611722616679CCDBOOKTXFR  071116071116   1021000020000002
622111000614722616695        0000911111722616695      INTUIT ER RETURN        0000206000000003
627111000614722616679        0000911111722616679      INTUIT FEE              0000206000000004
820000000200222001220000009111110000009111111722616679                         021000020000002
5220INTUIT                     7700346611722616679CCDINTUITPAYR071116071116   1021000020000003
622111000614722616679        0000010000722616679      INTUIT FEE              0000206000000005
822000000100111000610000000000000000000100001722616679                         021000020000003
9000003000002000000040044400185000000921111000000921111                                       
9999999999999999999999999999999999999999999999999999999999999999999999999999999999999999999999
9999999999999999999999999999999999999999999999999999999999999999999999999999999999999999999999
9999999999999999999999999999999999999999999999999999999999999999999999999999999999999999999999
9999999999999999999999999999999999999999999999999999999999999999999999999999999999999999999999
9999999999999999999999999999999999999999999999999999999999999999999999999999999999999999999999
9999999999999999999999999999999999999999999999999999999999999999999999999999999999999999999999
9999999999999999999999999999999999999999999999999999999999999999999999999999999999999999999999
9999999999999999999999999999999999999999999999999999999999999999999999999999999999999999999999