101 02100002197226160000711131710P094101JPMORGAN CHASE         INTUIT                         
5225INTUIT PAYROLL SERVICES    9999999991722616679CCDINTUITPAYR071114071114   1021000020000001
6271110000254747474747       0000911111999999999      DAWN COMPANY 2          0001055000000002
822500000100111000020000009111110000000000001722616679                         021000020000001
5225INTUIT PAYROLL SERVICES    2423354651722616679CCDQUICKBOOKS071114071114   1021000020000002
6271110000254847474747       0000860469242335465      QB DESKTOP 3            0001055000000003
822500000100111000020000008604690000000000001722616679                         021000020000002
5220INTUIT                     7700346611722616679CCDQUICKBOOKS071114071114   1021000020000003
622111000614722616653        0000860111722616653      INTUIT DD               0001055000000004
622111000614722616679        0000000358722616679      INTUIT FEE              0001055000000005
822000000200222001220000000000000000008604691722616679                         021000020000003
5220INTUIT                     7700346611722616679CCDINTUITPAYR071114071114   1021000020000004
622111000614722616653        0000911111722616653      INTUIT DD               0001055000000006
822000000100111000610000000000000000009111111722616679                         021000020000004
9000004000002000000050055500187000001771580000001771580                                       
9999999999999999999999999999999999999999999999999999999999999999999999999999999999999999999999
9999999999999999999999999999999999999999999999999999999999999999999999999999999999999999999999
9999999999999999999999999999999999999999999999999999999999999999999999999999999999999999999999
9999999999999999999999999999999999999999999999999999999999999999999999999999999999999999999999
9999999999999999999999999999999999999999999999999999999999999999999999999999999999999999999999
