101 02100002197226160001201121710Z094101JPMORGAN CHASE         INTUIT                         
5225INTUIT PAYROLL SERVICES    0000000011722616679CCDQUICKBOOKS120113120113   1021000020000001
627111000025ACCNT_1          0000016789000000001      TEST_COMPANY_1          0000000000140564
822500000100111000020000000167890000000000001722616679                         021000020000001
5220INTUIT                     7700346611722616679CCDQUICKBOOKS120113120113   1021000020000002
622111000614722616653        0000000100722616653      INTUIT DD               0000000000140565
622021000021911855633        0000008320911855633      INTUIT TAX              0000000000140566
622111000614722616679        0000008369722616679      INTUIT FEE              0000000000140567
822000000300243001240000000000000000000167891722616679                         021000020000002
9000002000001000000040035400126000000016789000000016789                                       
