101 021000021972261600006121315551094101JPMORGAN CHASE         INTUIT
5200ELAINE1                    ELAINE1  1722616679CCDINTUITPAYR061214061214   1021000020000001
62612200066155555567         0000000073131773979      JOE INC. 2              1000000000000001
799C09000000000107743      12200066AUTHORIZATION REVOKED BY CUSTOMER           000000000000001
82000000020012200066000000000073000000000000                                           0000002
9000004000002000000080028600136000000400073000000400073
9999999999999999999999999999999999999999999999999999999999999999999999999999999999999999999999
